<record><leader>00000cas a22000007a 4500</leader><controlfield tag="001">9658810</controlfield><controlfield tag="008">830630d19071914ohuwr ne      0    0ger d</controlfield><datafield ind1=" " ind2=" " tag="010"><subfield code="a">sn 83035271 </subfield></datafield><datafield ind1=" " ind2=" " tag="040"><subfield code="a">NPY</subfield><subfield code="b">eng</subfield><subfield code="c">NPY</subfield><subfield code="d">ONP</subfield><subfield code="d">OCLCQ</subfield><subfield code="d">OCLCF</subfield><subfield code="d">OCLCO</subfield><subfield code="d">OCLCQ</subfield><subfield code="d">OCLCA</subfield></datafield><datafield ind1="0" ind2=" " tag="041"><subfield code="a">ger</subfield><subfield code="a">eng</subfield></datafield><datafield ind1=" " ind2=" " tag="042"><subfield code="a">msc</subfield></datafield><datafield ind1=" " ind2=" " tag="043"><subfield code="a">n-us-oh</subfield></datafield><datafield ind1="0" ind2=" " tag="130"><subfield code="a">Neue Heimat (Cleveland, Ohio : 1907)</subfield></datafield><datafield ind1="1" ind2="4" tag="245"><subfield code="a">Die Neue Heimat =</subfield><subfield code="b">New home.</subfield></datafield><datafield ind1="3" ind2="1" tag="246"><subfield code="a">New home</subfield></datafield><datafield ind1=" " ind2=" " tag="260"><subfield code="a">Cleveland, Ohio :</subfield><subfield code="b">New Home Pub. Co.,</subfield><subfield code="c">1907-1914.</subfield></datafield><datafield ind1=" " ind2=" " tag="300"><subfield code="a">8 volumes :</subfield><subfield code="b">illustrations ;</subfield><subfield code="c">59 cm</subfield></datafield><datafield ind1=" " ind2=" " tag="310"><subfield code="a">Weekly</subfield></datafield><datafield ind1=" " ind2=" " tag="336"><subfield code="a">text</subfield><subfield code="b">txt</subfield><subfield code="2">rdacontent</subfield></datafield><datafield ind1=" " ind2=" " tag="337"><subfield code="a">unmediated</subfield><subfield code="b">n</subfield><subfield code="2">rdamedia</subfield></datafield><datafield ind1=" " ind2=" " tag="338"><subfield code="a">volume</subfield><subfield code="b">nc</subfield><subfield code="2">rdacarrier</subfield></datafield><datafield ind1="0" ind2=" " tag="362"><subfield code="a">Jahrg. 1, no. 1 (Okt. 10, 1907)-Jahrg. 9, no. 40 (Aug. 14, 1914).</subfield></datafield><datafield ind1=" " ind2=" " tag="500"><subfield code="a">Published on Thursday.</subfield></datafield><datafield ind1=" " ind2=" " tag="500"><subfield code="a">Publishers: M. Weinberger, Oct. 10, 1907-July 22, 1914; E.H. Meyer, July 31, 1914-Aug. 14, 1914.</subfield></datafield><datafield ind1=" " ind2=" " tag="500"><subfield code="a">Editors: M. Weinberger, Oct., 1907-June 24, 1909; John Reich, July 1, 1909-Jan. 25, 1911; M. Weinberger, Feb., 1911-June 11, 1913; Alex Sandory Wohl, June 18, 1913-April 15, 1914.</subfield></datafield><datafield ind1=" " ind2=" " tag="515"><subfield code="a">Omitted numbering: Jahrg. 4, no. 7-Jahrg. 5, no. 8.</subfield></datafield><datafield ind1="8" ind2=" " tag="521"><subfield code="a">"Devoted to the interests of all German nationalities."</subfield></datafield><datafield ind1=" " ind2=" " tag="546"><subfield code="a">In German with some columns in English.</subfield></datafield><datafield ind1=" " ind2="0" tag="650"><subfield code="a">Germans</subfield><subfield code="z">Ohio</subfield><subfield code="v">Newspapers.</subfield></datafield><datafield ind1=" " ind2="7" tag="650"><subfield code="a">Germans.</subfield><subfield code="2">fast</subfield><subfield code="0">(OCoLC)fst00942100</subfield></datafield><datafield ind1=" " ind2="7" tag="651"><subfield code="a">Ohio.</subfield><subfield code="2">fast</subfield><subfield code="0">(OCoLC)fst01205075</subfield></datafield><datafield ind1=" " ind2="7" tag="655"><subfield code="a">Newspapers.</subfield><subfield code="2">fast</subfield><subfield code="0">(OCoLC)fst01423814</subfield></datafield><datafield ind1="1" ind2=" " tag="700"><subfield code="a">Weinberger, M.</subfield></datafield><datafield ind1="1" ind2=" " tag="700"><subfield code="a">Meyer, E. H.</subfield></datafield><datafield ind1="1" ind2=" " tag="700"><subfield code="a">Reich, John.</subfield></datafield><datafield ind1="1" ind2=" " tag="700"><subfield code="a">Wohl, Alex Sandory.</subfield></datafield><datafield ind1=" " ind2=" " tag="752"><subfield code="a">United States</subfield><subfield code="b">Ohio</subfield><subfield code="c">Cuyahoga</subfield><subfield code="d">Cleveland.</subfield></datafield><datafield ind1="0" ind2="0" tag="785"><subfield code="t">Nationale Gazette</subfield><subfield code="w">(DLC)sn 83035272</subfield></datafield><datafield ind1="1" ind2=" " tag="029"><subfield code="a">AU@</subfield><subfield code="b">000025840248</subfield></datafield></record>